@misc {BiasInMachineLearningAlgorithms,
    url = {https://scholarsmine.mst.edu/peer2peer/vol2/iss1/1/},
    year = {2018},
    title = {The Dangers of Human-Like Bias in Machine-Learning Algorithms},
    author = {{Daniel James Fuchs}}
}

@misc {MachineLearningAndReverseEngineering,
    url = {https://www.researchgate.net/publication/307587210_Machine_Learning_Techniques_to_address_classification_issues_in_Reverse_Engineering},
    year = {2017},
    title = {Machine Learning Techniques to address classification issues in Reverse Engineering},
    author = {{Jonathan Dekhtiar, Alexandre Durupt, Dimitris Kiritsis, Matthew Bricogne}}
}

@misc {UberEatsMachineLearning,
    url = {https://thenewstack.io/how-uber-eats-uses-machine-learning-to-estimate-delivery-times/},
    year = {2019},
    title = {How Uber Eats Uses Machine Learning to Estimate Delivery Times},
    author = {{Joab Jackson}}
}

@misc {AlgorithmicHarmToWorkers,
    url = {http://jlsp.law.columbia.edu/wp-content/uploads/sites/8/2020/01/Vol53-Muller.pdf},
    year = {2019},
    title = {Algorithmic Harms to Workers in the Platform Economy: The Case of Uber},
    author = {{Zane Muller}}
}

@misc {EthicsInComputing,
    url = {https://ethics.csc.ncsu.edu/intellectual/reverse/study.php#:~:text=New%20court%20cases%20reveal%20that,as%20well%20as%20the%20DMCA.},
    year = {},
    title = {Is Reverse Engineering Unethic},
    author = {{NC State University}}
}



