@misc {Tutorial,
   url = {https://github.com/benminor/Uber-Eats-Scraper},
   year = {2021},
   title = {Beginnerâ€™s Guide to Scraping Data (Uber Eats Example)},
   author = {Ryan Davis},
}
